<?xml version="1.0" encoding="UTF-8"?><record xmlns="http://www.loc.gov/MARC21/slim" xmlns:cinclude="http://apache.org/cocoon/include/1.0" xmlns:zs="http://www.loc.gov/zing/srw/">
  <leader>00355nz  a2200133n  4500</leader>
  <controlfield tag="001">no 98111781 </controlfield>
  <controlfield tag="003">DLC</controlfield>
  <controlfield tag="005">19981001052732.1</controlfield>
  <controlfield tag="008">980930n| acannaab|          |n aaa     c</controlfield>
  <datafield tag="010" ind1=" " ind2=" ">
    <subfield code="a">no 98111781 </subfield>
  </datafield>
  <datafield tag="035" ind1=" " ind2=" ">
    <subfield code="a">(OCoLC)oca04826129 </subfield>
  </datafield>
  <datafield tag="040" ind1=" " ind2=" ">
    <subfield code="a">OU</subfield>
    <subfield code="c">OU</subfield>
  </datafield>
  <datafield tag="100" ind1="1" ind2="0">
    <subfield code="a">Hobday, William Alfred</subfield>
  </datafield>
  <datafield tag="670" ind1=" " ind2=" ">
    <subfield code="a">Accessory after the fact, c1911:</subfield>
    <subfield code="b">t.p. (William Alfred Hobday)</subfield>
  </datafield>
</record>